
@article{calogero_electron_2019,
	title = {Electron {Transport} in {Nanoporous} {Graphene}: {Probing} the {Talbot} {Effect}},
	volume = {19},
	issn = {1530-6984, 1530-6992},
	shorttitle = {Electron {Transport} in {Nanoporous} {Graphene}},
	url = {http://pubs.acs.org/doi/10.1021/acs.nanolett.8b04616},
	doi = {10.1021/acs.nanolett.8b04616},
	language = {english},
	number = {1},
	urldate = {2019-02-13},
	journal = {Nano Letters},
	author = {Calogero, Gaetano and Papior, Nick R. and Kretz, Bernhard and Garcia-Lekue, Aran and Frederiksen, Thomas and Brandbyge, Mads},
	month = jan,
	year = {2019},
	pages = {576--581}
}
