@FOOTNOTE{Note1,key="Note1",note="\protect \href  {https://pubs.acs.org/journal/jacsat}{Journal of American Chemical Society}"}
@CONTROL{REVTEX42Control}
@CONTROL{apsrev42Control,author="08",editor="1",pages="0",title="0",year="1"}
